<record xmlns="http://www.loc.gov/MARC21/slim" xmlns:xsi="http://www.w3.org/2001/XMLSchema-instance" xsi:schemaLocation="http://www.loc.gov/MARC21/slim http://www.loc.gov/standards/marcxml/schema/MARC21slim.xsd"><leader>00509nz   2200145n  4500</leader><controlfield tag="001">oca04204767 </controlfield><controlfield tag="005">19961109051538.9</controlfield><controlfield tag="008">960809n| acannaab|          |a aaa     c</controlfield><datafield ind1=" " ind2=" " tag="010"><subfield code="a">nr 96029317 </subfield></datafield><datafield ind1=" " ind2=" " tag="040"><subfield code="a">UPB</subfield><subfield code="c">UPB</subfield></datafield><datafield ind1="0" ind2=" " tag="100"><subfield code="a">Sulpicius,</subfield><subfield code="c">Victor</subfield></datafield><datafield ind1="0" ind2=" " tag="400"><subfield code="a">Sulpitius,</subfield><subfield code="c">Victor</subfield></datafield><datafield ind1="1" ind2=" " tag="400"><subfield code="a">Victor, Sulpitius</subfield></datafield><datafield ind1=" " ind2=" " tag="670"><subfield code="a">Veterum aliquot de arte rhetorica traditiones, 1521:</subfield><subfield code="b">t.p. verso (Sulpitij Victoris)</subfield></datafield><datafield ind1=" " ind2=" " tag="670"><subfield code="a">Pauly-Wissowa, RealencyclopaÌ&#x88;die:</subfield><subfield code="b">ser. 2, v. 1, pt. 1 (Sulpicius Victor [entered under Sulpicius])</subfield></datafield></record>